<record xmlns="http://www.loc.gov/MARC21/slim" xmlns:xsi="http://www.w3.org/2001/XMLSchema-instance" xsi:schemaLocation="http://www.loc.gov/MARC21/slim http://www.loc.gov/standards/marcxml/schema/MARC21slim.xsd"><leader>02077nam a2200337   4500</leader><controlfield tag="001">3063243</controlfield><controlfield tag="003">NNC</controlfield><controlfield tag="006">m        d        </controlfield><controlfield tag="007">cr cn |||m|||a</controlfield><controlfield tag="008">150110s1953    ua      o     000 0 ara d</controlfield><datafield ind1=" " ind2=" " tag="040"><subfield code="a">NNU</subfield><subfield code="b">eng</subfield><subfield code="e">rda</subfield><subfield code="c">NNU</subfield></datafield><datafield ind1="1" ind2=" " tag="100"><subfield code="6">880-01</subfield><subfield code="a">Ibn Abi&#772; H&#803;a&#772;tim, &#699;Abd al-Rah&#803;ma&#772;n ibn Muh&#803;ammad,</subfield><subfield code="d">854 or 855-938.</subfield></datafield><datafield ind1="1" ind2="0" tag="245"><subfield code="6">880-02</subfield><subfield code="a">A&#772;da&#772;b al-Sha&#772;fi&#699;i&#772; wa-mana&#772;qibuh:</subfield><subfield code="b">h&#803;adi&#772;th wa-fiqh, fira&#772;sah wa-t&#803;ibb, ta&#700;ri&#772;kh wa-adab, lughah wa-nasab /</subfield><subfield code="c">li-Abi&#772; Muh&#803;ammad &#699;Abd al-Rah&#803;ma&#772;n ibn Abi&#772; Ha&#772;tim al-Ra&#772;zi&#772;, h&#803;aqqaqa as&#803;lahu&#772; &#699;Abd al-Ghani&#772; &#699;Abd al-Kha&#772;liq.</subfield></datafield><datafield ind1=" " ind2=" " tag="260"><subfield code="6">880-03</subfield><subfield code="a">[Mis&#803;r] :</subfield><subfield code="b">[Mat&#803;b. al-Sa&#699;a&#772;da],</subfield><subfield code="c">1953.</subfield></datafield><datafield ind1=" " ind2=" " tag="300"><subfield code="a">online resource (386 pages)</subfield></datafield><datafield ind1=" " ind2=" " tag="336"><subfield code="a">text</subfield><subfield code="2">rdacontent</subfield></datafield><datafield ind1=" " ind2=" " tag="337"><subfield code="a">computer</subfield><subfield code="2">rdamedia</subfield></datafield><datafield ind1=" " ind2=" " tag="338"><subfield code="a">online resource</subfield><subfield code="2">rdacarrier</subfield></datafield><datafield ind1=" " ind2=" " tag="500"><subfield code="a">Part of the Arabic Collections Online (ACO) project, contributed by Columbia University Libraries.</subfield></datafield><datafield ind1=" " ind2=" " tag="533"><subfield code="a">Electronic reproduction.</subfield><subfield code="b">New York, N.Y. :</subfield><subfield code="c">New York University,</subfield><subfield code="d">2015.</subfield><subfield code="5">NNU</subfield></datafield><datafield ind1="1" ind2="0" tag="600"><subfield code="a">Sha&#772;fi&#699;i&#772;, Muh&#803;ammad ibn Idri&#772;s,</subfield><subfield code="d">767 or 768-820.</subfield></datafield><datafield ind1="1" ind2="7" tag="600"><subfield code="a">Sha&#772;fi&#699;i&#772;, Muh&#803;ammad ibn Idri&#772;s,</subfield><subfield code="d">767 or 768-820.</subfield><subfield code="2">fast</subfield><subfield code="0">(OCoLC)fst01846928</subfield></datafield><datafield ind1="2" ind2=" " tag="710"><subfield code="a">Columbia University.</subfield><subfield code="b">Libraries.</subfield></datafield><datafield ind1="0" ind2=" " tag="730"><subfield code="a">Arabic Collections Online.</subfield></datafield><datafield ind1="0" ind2="8" tag="776"><subfield code="i">Print version:</subfield><subfield code="a">Ibn Abi&#772; H&#803;a&#772;tim, &#699;Abd al-Rah&#803;ma&#772;n ibn Muh&#803;ammad, 854 or 855-938.</subfield><subfield code="t">A&#772;da&#772;b al-Sha&#772;fi&#699;i&#772; wa-mana&#772;qibuh</subfield><subfield code="w">(NNC)3063243</subfield><subfield code="w">(OCoLC)47755496</subfield></datafield><datafield ind1="4" ind2="0" tag="856"><subfield code="u">http://hdl.handle.net/2333.1/pvmcvggc</subfield></datafield><datafield ind1="1" ind2=" " tag="880"><subfield code="6">100-01/r</subfield><subfield code="a">&#1575;&#1576;&#1606; &#1571;&#1576;&#1610; &#1581;&#1575;&#1578;&#1605;&#1548; &#1593;&#1576;&#1583; &#1575;&#1604;&#1585;&#1581;&#1605;&#1606; &#1575;&#1576;&#1606; &#1605;&#1581;&#1605;&#1583;.</subfield></datafield><datafield ind1="1" ind2="0" tag="880"><subfield code="6">245-02/r</subfield><subfield code="a">&#1649;&#1583;&#1575;&#1576; &#1575;&#1604;&#1588;&#1575;&#1601;&#1593;&#1610; &#1608;&#1605;&#1606;&#1575;&#1602;&#1576;&#1607; :&#1581;&#1583;&#1610;&#1579; &#1608;&#1601;&#1602;&#1607;&#1548; &#1601;&#1585;&#1575;&#1587;&#1577; &#1608;&#1591;&#1576;&#1548; &#1578;&#1575;&#1585;&#1610;&#1582; &#1608;&#1571;&#1583;&#1576;&#1548; &#1604;&#1594;&#1577; &#1608;&#1606;&#1587;&#1576; /</subfield><subfield code="c">&#1604;&#1571;&#1576;&#1610; &#1605;&#1581;&#1605;&#1583; &#1593;&#1576;&#1583; &#1575;&#1604;&#1585;&#1581;&#1605;&#1606; &#1576;&#1606; &#1571;&#1576;&#1610; &#1581;&#1575;&#1578;&#1605; &#1575;&#1604;&#1585;&#1575;&#1586;&#1610; &#1563; &#1602;&#1583;&#1605; &#1604;&#1607; &#1608;&#1581;&#1602;&#1602; &#1571;&#1589;&#1604;&#1607; &#1608;&#1593;&#1604;&#1602; &#1593;&#1604;&#1610;&#1607; &#1593;&#1576;&#1583; &#1575;&#1604;&#1594;&#1606;&#1610; &#1593;&#1576;&#1583; &#1575;&#1604;&#1582;&#1575;&#1604;&#1602;.</subfield></datafield><datafield ind1=" " ind2=" " tag="880"><subfield code="6">260-03/r</subfield><subfield code="a">&#1605;&#1589;&#1585; :</subfield><subfield code="b">&#1605;&#1591;&#1576;&#1593;&#1577; &#1575;&#1604;&#1587;&#1593;&#1575;&#1583;&#1577;&#1548;</subfield><subfield code="c">1953.</subfield></datafield><datafield ind1=" " ind2=" " tag="959"><subfield code="a">NNU</subfield><subfield code="b">WEB</subfield><subfield code="c">GENI</subfield><subfield code="t">0</subfield><subfield code="m">Electronic access</subfield><subfield code="s">01</subfield></datafield><datafield ind1=" " ind2=" " tag="999"><subfield code="i">NNC_3063243</subfield><subfield code="o">(OCoLC)ocm47755496 </subfield></datafield></record>